@misc{oo_homepage,
   title = {{Homepage von OpenOffice.org}},
   note = "\url{http://de.openoffice.org}",
   month = feb,
   year = 2005,
   key = "OO"
}

@misc{gnuplot_homepage,
   title = {{Homepage von Gnuplot}},
   note = "\url{http://www.gnuplot.info}",
   month = feb,
   year = 2005,
   key = "GP"
}


@misc{ispell_homepage,
   title = {{Homepage von GNU ispell}},
   note = "\url{http://www.gnu.org/software/ispell/ispell.html}",
   month = feb,
   year = 2005,
   key = "IS"
}


@misc{r_homepage,
   title = {{The R Project for Statistical Computing}},
   note = "\url{http://www.r-project.org}",
   month = feb,
   year = 2005,
   key = "R"
}

@misc{dante,
   title = {{Homepage der Deutschsprachigen Anwendervereinigung \TeX (DANTE) e.V.}},
   note = "\url{http://www.dante.de/help}",
   month = feb,
   year = 2005,
   key = "DANTE"
}

@misc{dpo03,
   title = {{Diplomprüfungsordnung für den Studiengang Informatik an der Rheinischen Friedrich-Wilhelms-Universität Bonn}},
   note = "\url{http://www.informatik.uni-bonn.de/lehre+studium/pruefungen.html}",
   month = mar,
   year = 2003,
   key = "DPO"
}

@misc{latex,
   title = {{LaTeX -- A document preparation system}},
   note = "\url{http://www.latex-project.org}",
   month = feb,
   year = 2005,
   key = "LATEX"
}

@book{
   latex_book,
   author = "Leslie Lamport",
   title = "{LaTeX: A Document Preparation System}",
   publisher = "Addison Wesley Professional",
   edition = 2,
   year = 1994,
   month = jun,
   note = "ISBN 0-2015-2983-1"
}

@misc{mpo08,
   title = {{Prüfungsordnung für den Masterstudiengang Computer Science der Ma\-the\-ma\-tisch-Na\-tur\-wis\-senschaftlichen Fakultät der
   Rheinischen Friedrich-Wilhelms-Universität Bonn}},
   note = "\url{http://www.informatik.uni-bonn.de/lehre+studium/pa-ordnungen.html}",
   month = jan,
   year = 2008,
   key = "DPO"
}

@misc{mpo11,
  author="Der Rektor",
  title={{Prüfungsordnung für den Masterstudiengang Computer Science der Ma\-the\-ma\-tisch-Na\-tur\-wis\-senschaftlichen Fakultät der Rheinischen Friedrich-Wilhelms-Universität Bonn}},
  note="\url{https://www.informatik.uni-bonn.de/en/for-students/master-of-science-in-computer-science/regulations-and-forms}",
  year=2011
}

@misc{bpo07,
   title = {{Prüfungsordnung für den Bachelorstudiengang Informatik der Ma\-the\-ma\-tisch-Na\-tur\-wis\-senschaftlichen Fakultät der
   Rheinischen Friedrich-Wilhelms-Universität Bonn}},
   note = "{\url{http://www.informatik.uni-bonn.de/lehre+studium/pa-ordnungen.html}}",
   month = aug,
   year = 2007,
   key = "DPO"
}

@manual{pkg:algorithm2e,
  author = {Fiorio, Christophe},
  title = {{algorithm2e.sty — package for algorithms}},
  year = 2017,
  edition = {5.2}
}
